<?xml version="1.0" encoding="UTF-8"?><record xmlns="http://www.loc.gov/MARC21/slim" xmlns:cinclude="http://apache.org/cocoon/include/1.0" xmlns:zs="http://www.loc.gov/zing/srw/">
  <leader>00522cz  a2200133n  4500</leader>
  <controlfield tag="001">n 2005092398</controlfield>
  <controlfield tag="003">DLC</controlfield>
  <controlfield tag="005">20130323080302.0</controlfield>
  <controlfield tag="008">051221n| azannaabn          |n aaa      </controlfield>
  <datafield tag="010" ind1=" " ind2=" ">
    <subfield code="a">n 2005092398</subfield>
  </datafield>
  <datafield tag="040" ind1=" " ind2=" ">
    <subfield code="a">DLC</subfield>
    <subfield code="b">eng</subfield>
    <subfield code="e">rda</subfield>
    <subfield code="c">DLC</subfield>
    <subfield code="d">DLC</subfield>
  </datafield>
  <datafield tag="100" ind1="1" ind2=" ">
    <subfield code="a">Anderson, Charles</subfield>
    <subfield code="c">(Vocalist)</subfield>
  </datafield>
  <datafield tag="670" ind1=" " ind2=" ">
    <subfield code="a">Anderson, Charles, vocalist. I'm gonna yodel my way back to dear old Dixieland [SR] 1928:</subfield>
    <subfield code="b">label (name not given)</subfield>
  </datafield>
  <datafield tag="670" ind1=" " ind2=" ">
    <subfield code="a">Laird, Ross, and Brian Rust. Discography of Okeh Records, 1918-1934, c2004:</subfield>
    <subfield code="b">p. 493 (Anderson, Charles, vocals)</subfield>
  </datafield>
</record>